<?xml version="1.0" encoding="UTF-8"?><collection xmlns="http://www.loc.gov/MARC21/slim"><record><leader>00345nam--2200133-i-4500</leader><controlfield tag="001">000039890</controlfield><controlfield tag="002">20161230</controlfield><controlfield tag="005">20161230201042</controlfield><controlfield tag="008">060222s1000------------r-----000-0-eng-d</controlfield><datafield ind1=" " ind2=" " tag="080"><subfield code="a">621.37.029.6(075.8):621.3.029.6</subfield></datafield><datafield ind1=" " ind2=" " tag="100"><subfield code="a">Rulea, George</subfield></datafield><datafield ind1=" " ind2=" " tag="245"><subfield code="a">Tehnica microundelor</subfield></datafield><datafield ind1=" " ind2=" " tag="260"><subfield code="a">Bucuresti, Ed.Didact.Si Pedag., 1981, 358p</subfield></datafield><datafield ind1=" " ind2=" " tag="852"><subfield code="a">49419</subfield></datafield></record></collection>